@article{white2011,
adsnote = {Provided by the SAO/NASA Astrophysics Data System},
adsurl = {https://ui.adsabs.harvard.edu/abs/2011ApJ...743..161W},
archiveprefix = {arXiv},
author = {{White}, Timothy R. and {Bedding}, Timothy R. and {Stello}, Dennis and {Christensen-Dalsgaard}, J{\o}rgen and {Huber}, Daniel and {Kjeldsen}, Hans},
doi = {10.1088/0004-637X/743/2/161},
eid = {161},
eprint = {1109.3455},
journal = {\apj},
keywords = {stars: fundamental parameters, stars: interiors, stars: oscillations, Astrophysics - Solar and Stellar Astrophysics},
month = {Dec},
number = {2},
pages = {161},
primaryclass = {astro-ph.SR},
title = {{Calculating Asteroseismic Diagrams for Solar-like Oscillations}},
volume = {743},
year = {2011},
Bdsk-Url-1 = {https://doi.org/10.1088/0004-637X/743/2/161}}

@article{claret2018,
adsnote = {Provided by the SAO/NASA Astrophysics Data System},
adsurl = {https://ui.adsabs.harvard.edu/abs/2018ApJ...859..100C},
archiveprefix = {arXiv},
author = {{Claret}, Antonio and {Torres}, Guillermo},
doi = {10.3847/1538-4357/aabd35},
eid = {100},
eprint = {1804.03148},
journal = {\apj},
keywords = {binaries: eclipsing, convection, stars: evolution, stars: fundamental parameters, stars: interiors, Astrophysics - Solar and Stellar Astrophysics},
month = jun,
number = {2},
pages = {100},
primaryclass = {astro-ph.SR},
title = {{The Dependence of Convective Core Overshooting on Stellar Mass: Additional Binary Systems and Improved Calibration}},
volume = {859},
year = 2018,
Bdsk-Url-1 = {https://doi.org/10.3847/1538-4357/aabd35}}
@article{herwig2000,
       author = {{Herwig}, F.},
        title = "{The evolution of AGB stars with convective overshoot}",
      journal = {\aap},
     keywords = {STARS: ABUNDANCES, STARS: INTERIORS, STARS: EVOLUTION, STARS: AGB AND POST-AGB, Astrophysics},
         year = 2000,
        month = aug,
       volume = {360},
        pages = {952-968},
archivePrefix = {arXiv},
       eprint = {astro-ph/0007139},
 primaryClass = {astro-ph},
       adsurl = {https://ui.adsabs.harvard.edu/abs/2000A&A...360..952H},
      adsnote = {Provided by the SAO/NASA Astrophysics Data System}
}

@article{henyey1965,
adsnote = {Provided by the SAO/NASA Astrophysics Data System},
adsurl = {https://ui.adsabs.harvard.edu/abs/1965ApJ...142..841H},
author = {{Henyey}, Louis and {Vardya}, M.~S. and {Bodenheimer}, Peter},
doi = {10.1086/148357},
journal = {\apj},
month = oct,
pages = {841},
title = {{Studies in Stellar Evolution. III. The Calculation of Model Envelopes.}},
volume = {142},
year = 1965,
Bdsk-Url-1 = {https://doi.org/10.1086/148357}}

@article{townsend2013,
adsnote = {Provided by the SAO/NASA Astrophysics Data System},
adsurl = {https://ui.adsabs.harvard.edu/abs/2013MNRAS.435.3406T},
archiveprefix = {arXiv},
author = {{Townsend}, R.~H.~D. and {Teitler}, S.~A.},
doi = {10.1093/mnras/stt1533},
eprint = {1308.2965},
journal = {\mnras},
keywords = {methods: numerical, stars: evolution, stars: interiors, stars: oscillations, stars: variables: general, Astrophysics - Solar and Stellar Astrophysics},
month = {Nov},
number = {4},
pages = {3406-3418},
primaryclass = {astro-ph.SR},
title = {{GYRE: an open-source stellar oscillation code based on a new Magnus Multiple Shooting scheme}},
volume = {435},
year = {2013},
Bdsk-Url-1 = {https://doi.org/10.1093/mnras/stt1533}}


@ARTICLE{liyg2023,
       author = {{Li}, Yaguang and {Bedding}, Timothy R. and {Stello}, Dennis and {Huber}, Daniel and {Hon}, Marc and {Joyce}, Meridith and {Li}, Tanda and {Perkins}, Jean and {White}, Timothy R. and {Zinn}, Joel C. and {Howard}, Andrew W. and {Isaacson}, Howard and {Hey}, Daniel R. and {Kjeldsen}, Hans},
        title = "{A prescription for the asteroseismic surface correction}",
      journal = {\mnras},
     keywords = {stars: low-mass, stars: oscillations, stars: solar-type, Astrophysics - Solar and Stellar Astrophysics},
         year = 2023,
        month = jul,
       volume = {523},
       number = {1},
        pages = {916-927},
          doi = {10.1093/mnras/stad1445},
archivePrefix = {arXiv},
       eprint = {2208.01176},
 primaryClass = {astro-ph.SR},
       adsurl = {https://ui.adsabs.harvard.edu/abs/2023MNRAS.523..916L},
      adsnote = {Provided by the SAO/NASA Astrophysics Data System}
}


@article{paxton2019,
adsnote = {Provided by the SAO/NASA Astrophysics Data System},
adsurl = {https://ui.adsabs.harvard.edu/abs/2019ApJS..243...10P},
archiveprefix = {arXiv},
author = {{Paxton}, Bill and {Smolec}, R. and {Schwab}, Josiah and {Gautschy}, A. and {Bildsten}, Lars and {Cantiello}, Matteo and {Dotter}, Aaron and {Farmer}, R. and {Goldberg}, Jared A. and {Jermyn}, Adam S. and {Kanbur}, S.~M. and {Marchant}, Pablo and {Thoul}, Anne and {Townsend}, Richard H.~D. and {Wolf}, William M. and {Zhang}, Michael and {Timmes}, F.~X.},
doi = {10.3847/1538-4365/ab2241},
eid = {10},
eprint = {1903.01426},
journal = {\apjs},
keywords = {stars: evolution, stars: general, stars: interiors, stars: oscillations: including pulsations, stars: rotation, stars: variables: general, Astrophysics - Solar and Stellar Astrophysics},
month = jul,
number = {1},
pages = {10},
primaryclass = {astro-ph.SR},
title = {{Modules for Experiments in Stellar Astrophysics (MESA): Pulsating Variable Stars, Rotation, Convective Boundaries, and Energy Conservation}},
volume = {243},
year = 2019,
Bdsk-Url-1 = {https://doi.org/10.3847/1538-4365/ab2241}}

@article{paxton2011,
adsnote = {Provided by the SAO/NASA Astrophysics Data System},
adsurl = {https://ui.adsabs.harvard.edu/abs/2011ApJS..192....3P},
archiveprefix = {arXiv},
author = {{Paxton}, Bill and {Bildsten}, Lars and {Dotter}, Aaron and {Herwig}, Falk and {Lesaffre}, Pierre and {Timmes}, Frank},
doi = {10.1088/0067-0049/192/1/3},
eid = {3},
eprint = {1009.1622},
journal = {\apjs},
keywords = {methods: numerical, stars: evolution, stars: general, Astrophysics - Solar and Stellar Astrophysics, Astrophysics - Instrumentation and Methods for Astrophysics},
month = {Jan},
number = {1},
pages = {3},
primaryclass = {astro-ph.SR},
title = {{Modules for Experiments in Stellar Astrophysics (MESA)}},
volume = {192},
year = {2011},
Bdsk-Url-1 = {https://doi.org/10.1088/0067-0049/192/1/3}}

@article{paxton2013,
adsnote = {Provided by the SAO/NASA Astrophysics Data System},
adsurl = {https://ui.adsabs.harvard.edu/abs/2013ApJS..208....4P},
archiveprefix = {arXiv},
author = {{Paxton}, Bill and {Cantiello}, Matteo and {Arras}, Phil and {Bildsten}, Lars and {Brown}, Edward F. and {Dotter}, Aaron and {Mankovich}, Christopher and {Montgomery}, M.~H. and {Stello}, Dennis and {Timmes}, F.~X. and {Townsend}, Richard},
doi = {10.1088/0067-0049/208/1/4},
eid = {4},
eprint = {1301.0319},
journal = {\apjs},
keywords = {asteroseismology, methods: numerical, planets and satellites: physical evolution, stars: evolution, stars: massive, stars: rotation, Astrophysics - Solar and Stellar Astrophysics, Astrophysics - Instrumentation and Methods for Astrophysics},
month = {Sep},
number = {1},
pages = {4},
primaryclass = {astro-ph.SR},
title = {{Modules for Experiments in Stellar Astrophysics (MESA): Planets, Oscillations, Rotation, and Massive Stars}},
volume = {208},
year = {2013},
Bdsk-Url-1 = {https://doi.org/10.1088/0067-0049/208/1/4}}

@article{paxton2018,
adsnote = {Provided by the SAO/NASA Astrophysics Data System},
adsurl = {https://ui.adsabs.harvard.edu/abs/2018ApJS..234...34P},
archiveprefix = {arXiv},
author = {{Paxton}, Bill and {Schwab}, Josiah and {Bauer}, Evan B. and {Bildsten}, Lars and {Blinnikov}, Sergei and {Duffell}, Paul and {Farmer}, R. and {Goldberg}, Jared A. and {Marchant}, Pablo and {Sorokina}, Elena and {Thoul}, Anne and {Townsend}, Richard H.~D. and {Timmes}, F.~X.},
doi = {10.3847/1538-4365/aaa5a8},
eid = {34},
eprint = {1710.08424},
journal = {\apjs},
keywords = {convection, diffusion, hydrodynamics, methods: numerical, stars: evolution, supernovae: general, Astrophysics - Solar and Stellar Astrophysics, Astrophysics - High Energy Astrophysical Phenomena},
month = {Feb},
number = {2},
pages = {34},
primaryclass = {astro-ph.SR},
title = {{Modules for Experiments in Stellar Astrophysics (MESA): Convective Boundaries, Element Diffusion, and Massive Star Explosions}},
volume = {234},
year = {2018},
Bdsk-Url-1 = {https://doi.org/10.3847/1538-4365/aaa5a8}}

@article{paxton2015,
adsnote = {Provided by the SAO/NASA Astrophysics Data System},
adsurl = {https://ui.adsabs.harvard.edu/abs/2015ApJS..220...15P},
archiveprefix = {arXiv},
author = {{Paxton}, Bill and {Marchant}, Pablo and {Schwab}, Josiah and {Bauer}, Evan B. and {Bildsten}, Lars and {Cantiello}, Matteo and {Dessart}, Luc and {Farmer}, R. and {Hu}, H. and {Langer}, N. and {Townsend}, R.~H.~D. and {Townsley}, Dean M. and {Timmes}, F.~X.},
doi = {10.1088/0067-0049/220/1/15},
eid = {15},
eprint = {1506.03146},
journal = {\apjs},
keywords = {binaries: general, methods: numerical, nuclear reactions, nucleosynthesis, abundances, shock waves, stars: evolution, stars: oscillations, Astrophysics - Solar and Stellar Astrophysics},
month = {Sep},
number = {1},
pages = {15},
primaryclass = {astro-ph.SR},
title = {{Modules for Experiments in Stellar Astrophysics (MESA): Binaries, Pulsations, and Explosions}},
volume = {220},
year = {2015},
Bdsk-Url-1 = {https://doi.org/10.1088/0067-0049/220/1/15}}


@ARTICLE{jermyn2023,
       author = {{Jermyn}, Adam S. and {Bauer}, Evan B. and {Schwab}, Josiah and {Farmer}, R. and {Ball}, Warrick H. and {Bellinger}, Earl P. and {Dotter}, Aaron and {Joyce}, Meridith and {Marchant}, Pablo and {Mombarg}, Joey S.~G. and {Wolf}, William M. and {Sunny Wong}, Tin Long and {Cinquegrana}, Giulia C. and {Farrell}, Eoin and {Smolec}, R. and {Thoul}, Anne and {Cantiello}, Matteo and {Herwig}, Falk and {Toloza}, Odette and {Bildsten}, Lars and {Townsend}, Richard H.~D. and {Timmes}, F.~X.},
        title = "{Modules for Experiments in Stellar Astrophysics (MESA): Time-dependent Convection, Energy Conservation, Automatic Differentiation, and Infrastructure}",
      journal = {\apjs},
     keywords = {Stellar physics, Stellar evolution, Stellar evolutionary models, Computational methods, 1621, 1599, 2046, 1965, Astrophysics - Solar and Stellar Astrophysics, Astrophysics - Earth and Planetary Astrophysics, Astrophysics - High Energy Astrophysical Phenomena, Astrophysics - Instrumentation and Methods for Astrophysics},
         year = 2023,
        month = mar,
       volume = {265},
       number = {1},
          eid = {15},
        pages = {15},
          doi = {10.3847/1538-4365/acae8d},
archivePrefix = {arXiv},
       eprint = {2208.03651},
 primaryClass = {astro-ph.SR},
       adsurl = {https://ui.adsabs.harvard.edu/abs/2023ApJS..265...15J},
      adsnote = {Provided by the SAO/NASA Astrophysics Data System}
}
